
@article{fuster_pollination_2020,
	title = {Pollination effectiveness of specialist and opportunistic nectar feeders influenced by invasive alien ants in the {Seychelles}},
	volume = {107},
	issn = {0002-9122, 1537-2197},
	url = {https://onlinelibrary.wiley.com/doi/10.1002/ajb2.1499},
	doi = {10.1002/ajb2.1499},
	language = {en},
	number = {7},
	urldate = {2022-12-08},
	journal = {American Journal of Botany},
	author = {Fuster, Francisco and Kaiser‐Bunbury, Christopher N. and Traveset, Anna},
	month = jul,
	year = {2020},
	pages = {957--969},
	file = {Indsendt version:C\:\\Users\\susakort\\Zotero\\storage\\EI35YILM\\Fuster m.fl. - 2020 - Pollination effectiveness of specialist and opport.pdf:application/pdf},
}

@article{fuster_pollination_2020-1,
	title = {Pollination effectiveness of specialist and opportunistic nectar feeders influenced by invasive alien ants in the {Seychelles}},
	volume = {107},
	issn = {0002-9122, 1537-2197},
	url = {https://onlinelibrary.wiley.com/doi/10.1002/ajb2.1499},
	doi = {10.1002/ajb2.1499},
	language = {en},
	number = {7},
	urldate = {2022-12-08},
	journal = {American Journal of Botany},
	author = {Fuster, Francisco and Kaiser‐Bunbury, Christopher N. and Traveset, Anna},
	month = jul,
	year = {2020},
	note = {Number: 7},
	pages = {957--969},
}
